% Encoding: UTF-8
@book{Calvez_2,
  author = {J.P. Calvez},
  editor = {MASSON},
  title  = {Spécification et conception des systèmes - étude de cas},
  year   = {1991},
}

@book{Calvez_1,
  author = {J.P. Calvez},
  editor = {MASSON},
  title  = {Spécification et conception des systèmes - une méthodologie},
  year   = {1991},
}

@Misc{web_freeRTOS_task,
  author = {FreeRTOS web site},
  month  = jan,
  title  = {Developer Docs : Tasks and Co-routines},
  year   = {2023},
  url    = {https://www.freertos.org/RTOS.html},
}

@Misc{web_freeRTOS_createTask,
  author = {FreeRTOS web site},
  month  = jan,
  title  = {Task Creation : xTaskCreate()},
  year   = {2023},
  url    = {https://www.freertos.org/a00125.html},
}

@Misc{web_freeRTOS,
  author = {FreeRTOS web site},
  month  = jan,
  title  = {About FreeRTOS Kernel : The FreeRTOS™ Kernel},
  year   = {2023},
  url    = {https://www.freertos.org/RTOS.html},
}

@Article{sem_wiki,
  author  = {Wikipédia},
  journal = {Wikipédia.org},
  title   = {Sémaphore (informatique)},
  year    = {2022},
  month   = sep,
  url     = {https://fr.wikipedia.org/wiki/Sémaphore_(informatique)},
}

@Comment{jabref-meta: databaseType:bibtex;}
