% Encoding: UTF-8
@book{Calvez_2,
  author = {J.P. Calvez},
  editor = {MASSON},
  title  = {Spécification et conception des systèmes - étude de cas},
  year   = {1991},
}

@book{Calvez_1,
  author = {J.P. Calvez},
  editor = {MASSON},
  title  = {Spécification et conception des systèmes - une méthodologie},
  year   = {1991},
}

@book{patterson2017risc,
	title={The RISC-V Reader: an open architecture Atlas},
	author={Patterson, David and Waterman, Andrew},
	year={2017},
	publisher={Strawberry Canyon}
}

@techreport{waterman2015risc,
	title={The risc-v instruction set manual volume 2: Privileged architecture version 1.7},
	author={Waterman, Andrew and Lee, Yunsup and Avizienis, Rimas and Patterson, David A and Asanovic, Krste},
	year={2015},
	institution={University of California at Berkeley Berkeley United States}
}

@article{waterman2014risc,
	title={The RISC-V instruction set manual},
	author={Waterman, Andrew and Lee, Yunsup and Patterson, David and Asanovic, Krste and level Isa, Volume I User and Waterman, Andrew and Lee, Yunsup and Patterson, David},
	journal={Volume I: User-Level ISA’, version},
	volume={2},
	year={2014}
}

@article{cortada2018change,
	title={Change and continuity at IBM: Key themes in histories of IBM},
	author={Cortada, James W},
	journal={Business History Review},
	volume={92},
	number={1},
	pages={117--148},
	year={2018},
	publisher={Cambridge University Press}
}

@Comment{jabref-meta: databaseType:bibtex;}
