% Encoding: UTF-8
@acronym{API,
	short = {API},
	long  = {Application Programming Interface},
}
@acronym{ASM,
	short = {ASM},
	long  = {Assembly Language},
}
@acronym{CPU,
	short = {CPU},
	long  = {Central Processing Unit}
}
@acronym{CSS,
	short = {CSS},
	long  = {Cascading Style Sheets}
}
@acronym{DMA,
	short = {DMA},
	long  = {Direct Memory Access}
}
@acronym{DMAC,
	short = {DMAC},
	long  = {Direct Memory Access Controller}
}
@acronym{ELF,
	short = {ELF},
	long  = {Executable and Linkable Format}
}
@acronym{FPGA,
	long  = {Field-programmable gate array},
	short = {FPGA},
}
@acronym{IOT,
	long  = {Internet Of Things},
	short = {IoT},
}
@acronym{IP,
	long  = {Intellectual Property},
	short = {IP},
}
@acronym{ISA,
	long  = {Instruction Set Architecture},
	short = {ISA},
}
@acronym{LSB,
	short = {LSB},
	long  = {Less Significant Byte},
}
@acronym{MCU,
	short = {MCU},
	long  = {MicroController Unit}
}
@acronym{MSB,
	short = {MSB},
	long  = {Most Significant Byte},
}
@acronym{OOP,
	short = {Object-Oriented Programming},
	long  = {Program Counter},
}
@acronym{PC,
	short = {PC},
	long  = {Program Counter},
}
@acronym{PCB,
	short = {PCB},
	long  = {Printed Circuit Board},
}
@acronym{RISC,
	short = {RISC},
	long  = {Reduced Instruction Set Computer},
}
@acronym{RISCV,
	short = {RISC-V},
	long  = {Reduced Instruction Set Computer "Five"},
}
@acronym{RTL,
	short = {RTL},
	long  = {Register Transfer Logic},
}
@acronym{TTL,
	short = {TTL},
	long  = {Transistor-Transistor Logic},
}
@acronym{UART,
	short = {UART},
	long  = {Universal Asynchronous Receiver Transmitter}
}

@Comment{jabref-meta: databaseType:bibtex;}